@misc{price_2014,
title={The NIPS experiment}, 
url={http://blog.mrtz.org/2014/12/15/the-nips-experiment.html}, 
author={Price, Eric}, 
year={2014}, 
month={Dec}}
@article{kleinberg2018classifiers,
  title={How Do Classifiers Induce Agents To Invest Effort Strategically?},
  author={Kleinberg, Jon and Raghavan, Manish},
  journal={arXiv preprint arXiv:1807.05307},
  year={2018}
}
@article{eubanks_2018, 
title={Automating Bias}, 
volume={319}, 
DOI={10.1038/scientificamerican1118-68}, 
number={5}, journal={Scientific American}, 
author={Eubanks, Virginia}, 
year={2018}, 
month={Nov}, 
pages={68–71}}
@inproceedings{ustun2019actionable,
  title={Actionable recourse in linear classification},
  author={Ustun, Berk and Spangher, Alexander and Liu, Yang},
  booktitle={Proceedings of the Conference on Fairness, Accountability, and Transparency},
  pages={10--19},
  year={2019},
  organization={ACM}
}
@article{doshi2017towards,
  title={Towards a rigorous science of interpretable machine learning},
  author={Doshi-Velez, Finale and Kim, Been},
  journal={arXiv preprint arXiv:1702.08608},
  year={2017}
}
@article{lipton2016mythos,
  title={The mythos of model interpretability},
  author={Lipton, Zachary C},
  journal={arXiv preprint arXiv:1606.03490},
  year={2016}
}
@inproceedings{ribeiro2016should,
  title={Why should I trust you?: Explaining the predictions of any classifier},
  author={Ribeiro, Marco Tulio and Singh, Sameer and Guestrin, Carlos},
  booktitle={Proceedings of the 22nd ACM SIGKDD international conference on knowledge discovery and data mining},
  pages={1135--1144},
  year={2016},
  organization={ACM}
}
@article{baehrens2010explain,
  title={How to explain individual classification decisions},
  author={Baehrens, David and Schroeter, Timon and Harmeling, Stefan and Kawanabe, Motoaki and Hansen, Katja and Müller, Klaus-Robert},
  journal={Journal of Machine Learning Research},
  volume={11},
  number={Jun},
  pages={1803--1831},
  year={2010}
}
@misc{angwin_larson_kirchner_mattu_2019, 
title={Machine Bias}, 
url={https://www.propublica.org/article/machine-bias-risk-assessments-in-criminal-sentencing}, 
publisher={ProPublica}, 
author={Angwin, Julia and Larson, Jeff and Kirchner, Lauren and Mattu, Surya}, year={2019}, month={Mar}}

@article{kaelbling1996reinforcement,
  title={Reinforcement learning: A survey},
  author={Kaelbling, Leslie Pack and Littman, Michael L and Moore, Andrew W},
  journal={Journal of Artificial Intelligence Research},
  volume={4},
  pages={237--285},
  year={1996}
}
@article{kolobov2012planning,
  title={Planning with Markov decision processes: An AI perspective},
  author={Kolobov, Andrey},
  journal={Synthesis Lectures on Artificial Intelligence and Machine Learning},
  volume={6},
  number={1},
  pages={1--210},
  year={2012},
  publisher={Morgan \& Claypool Publishers}
}
@article{browne2012survey,
  title={A survey of monte carlo tree search methods},
  author={Browne, Cameron B and Powley, Edward and Whitehouse, Daniel and Lucas, Simon M and Cowling, Peter I and Rohlfshagen, Philipp and Tavener, Stephen and Perez, Diego and Samothrakis, Spyridon and Colton, Simon},
  journal={IEEE Transactions on Computational Intelligence and AI in games},
  volume={4},
  number={1},
  pages={1--43},
  year={2012},
  publisher={IEEE}
}
@article{lundberg2016unexpected,
  title={An unexpected unity among methods for interpreting model predictions},
  author={Lundberg, Scott and Lee, Su-In},
  journal={arXiv preprint arXiv:1611.07478},
  year={2016}
}
@inproceedings{hardt2016strategic,
  title={Strategic classification},
  author={Hardt, Moritz and Megiddo, Nimrod and Papadimitriou, Christos and Wootters, Mary},
  booktitle={Proceedings of the 2016 ACM conference on Innovations in Theoretical Computer Science},
  pages={111--122},
  year={2016},
  organization={ACM}
}
@inproceedings{van2016deep,
  title={Deep reinforcement learning with double q-learning},
  author={Van Hasselt, Hado and Guez, Arthur and Silver, David},
  booktitle={Thirtieth AAAI Conference on Artificial Intelligence},
  year={2016}
}
@article{milli2019social,
  title={The Social Cost of Strategic Classification},
  author={Milli, Smitha and Miller, John and Dragan, Anca and Hardt, Moritz},
  journal={In Proceedings of ACM FAT*},
  year={2019}
}
@inproceedings{hu2019disparate,
  title={The disparate effects of strategic manipulation},
  author={Hu, Lily and Immorlica, Nicole and Vaughan, Jennifer Wortman},
  booktitle={Proceedings of the Conference on Fairness, Accountability, and Transparency},
  pages={259--268},
  year={2019},
  organization={ACM}
}
@article{wachter2017counterfactual,
  title={Counterfactual explanations without opening the black box: Automated decisions and the GDPR},
  author={Wachter, Sandra and Mittelstadt, Brent and Russell, Chris},
  journal={Harvard Journal of Law \& Technology},
  volume={31},
  number={2},
  pages={2018},
  year={2017}
}
@article{kerr1975folly,
  title={On the folly of rewarding A, while hoping for B},
  author={Kerr, Steven},
  journal={Academy of Management journal},
  volume={18},
  number={4},
  pages={769--783},
  year={1975},
  publisher={Academy of Management, Briarcliff Manor, NY 10510}
}
@incollection{grossman1992analysis,
  title={An analysis of the principal-agent problem},
  author={Grossman, Sanford J and Hart, Oliver D},
  booktitle={Foundations of Insurance Economics},
  pages={302--340},
  year={1992},
  publisher={Springer}
}
@misc{myfico, title={Get Your Estimated {FICO} Scores Range},
howpublished = "\url{https://www.myfico.com/fico-credit-score-estimator/estimator/}",
  url={https://www.myfico.com/fico-credit-score-estimator/estimator/}, journal={myFICO}, publisher={{Fair Isaac Corporation}}, author={{Fair Isaac Corporation}}, year={2019}}

@inproceedings{dwork2012fairness,
  title={Fairness through awareness},
  author={Dwork, Cynthia and Hardt, Moritz and Pitassi, Toniann and Reingold, Omer and Zemel, Richard},
  booktitle={Proceedings of the 3rd Innovations in Theoretical Computer Science Conference},
  pages={214--226},
  year={2012},
  organization={ACM}
}
@misc{ofer_2017, title={COMPAS Recidivism Racial Bias}, url={https://www.kaggle.com/danofer/compass}, publisher={Kaggle}, author={Ofer, Dan}, year={2017}, month={Jun}}
@misc{usc_2016, title={Fair and Accurate Credit Transactions Act of 2003}, url={https://www.ftc.gov/enforcement/statutes/fair-accurate-credit-transactions-act-2003}, journal={{Federal Trade Commission}}, publisher={{Federal Trade Commission}}, author={{United States Congress}}, year={2003}}

@misc{frankel_2018, title={How does the average American spend their paycheck? See how you compare}, url={https://www.usatoday.com/story/money/personalfinance/budget-and-spending/2018/05/08/how-does-average-american-spend-paycheck/34378157/}, journal={USA Today}, publisher={USA Today}, author={Frankel, Matthew}, year={2018}, month={May}}

@misc{josephson_josephson_2018, title={The Average Credit Card Limit}, url={https://smartasset.com/credit-cards/the-average-credit-card-limit}, journal={SmartAsset}, publisher={SmartAsset}, author={Josephson, Amelia and Josephson, Amelia}, year={2018}, month={Aug}}

@misc{mccann_2019, title={What Is the Average Credit Card Interest Rate?}, url={https://wallethub.com/edu/cc/average-credit-card-interest-rate/50841/}, journal={WalletHub}, publisher={WalletHub}, author={McCann, Adam}, year={2019}, month={Jan}}

@inproceedings{mouzannar2019fair,
  title={From fair decision making to social equality},
  author={Mouzannar, Hussein and Ohannessian, Mesrob I and Srebro, Nathan},
  booktitle={Proceedings of the Conference on Fairness, Accountability, and Transparency},
  pages={359--368},
  year={2019},
  organization={ACM}
}
@article{heidari2019long,
  title={On the Long-term Impact of Algorithmic Decision Policies: Effort Unfairness and Feature Segregation through Social Learning},
  author={Heidari, Hoda and Nanda, Vedant and Gummadi, Krishna P},
  journal={arXiv preprint arXiv:1903.01209},
  year={2019}
}

@article{guidotti2019survey,
  title={A survey of methods for explaining black box models},
  author={Guidotti, Riccardo and Monreale, Anna and Ruggieri, Salvatore and Turini, Franco and Giannotti, Fosca and Pedreschi, Dino},
  journal={ACM Computing Surveys (CSUR)},
  volume={51},
  number={5},
  pages={93},
  year={2019},
  publisher={ACM}
}

@article{rust1994structural,
  title={Structural estimation of Markov decision processes},
  author={Rust, John},
  journal={Handbook of Econometrics},
  volume={4},
  pages={3081--3143},
  year={1994},
  publisher={Elsevier}
}

@article{keane1997career,
  title={The career decisions of young men},
  author={Keane, Michael P and Wolpin, Kenneth I},
  journal={Journal of Political Economy},
  volume={105},
  number={3},
  pages={473--522},
  year={1997},
  publisher={JSTOR}
}

@article{ramakrishnan2019synthesizing,
  title={Synthesizing Action Sequences for Modifying Model Decisions},
  author={Ramakrishnan, Goutham and Lee, Yun Chan and Albargouthi, Aws},
  journal={arXiv preprint arXiv:1910.00057},
  year={2019}
}
@article{karimi2019model,
  title={Model-Agnostic Counterfactual Explanations for Consequential Decisions},
  author={Karimi, Amir-Hossein and Barthe, Gilles and Belle, Borja and Valera, Isabel},
  journal={arXiv preprint arXiv:1905.11190},
  year={2019}
}
@article{joshi2019towards,
  title={Towards Realistic Individual Recourse and Actionable Explanations in Black-Box Decision Making Systems},
  author={Joshi, Shalmali and Koyejo, Oluwasanmi and Vijitbenjaronk, Warut and Kim, Been and Ghosh, Joydeep},
  journal={arXiv preprint arXiv:1907.09615},
  year={2019}
}
@article{russell2019efficient,
  title={Efficient search for diverse coherent explanations},
  author={Russell, Chris},
  journal={arXiv preprint arXiv:1901.04909},
  year={2019}
}